@Article{zbMATH07661004,
 Author = {Aussel, Didier and Lepaul, S{\'e}bastien and von Niederh{\"a}usern, L{\'e}onard},
 Title = {A multi-leader-follower game for energy demand-side management},
 FJournal = {Optimization},
 Journal = {Optimization},
 ISSN = {0233-1934},
 Volume = {72},
 Number = {2},
 Pages = {351--381},
 Year = {2023},
 Language = {English},
 DOI = {10.1080/02331934.2021.1954179},
 Keywords = {91A65,91A10,91B74},
 zbMATH = {7661004},
 Zbl = {1514.91035}
}

@Article{Li2022123678,
 Author = {Li, Songrui and Zhang, Lihui and Nie, Lie and Wang, Jianing},
 Title = {Trading strategy and benefit optimization of load aggregators in integrated energy systems considering integrated demand response: A hierarchical Stackelberg game},
 Journal = {Energy},
 ISSN = {0360-5442},
 Volume = {249},
 Pages = {123678},
 Year = {2022},
 Language = {English},
 doi = {https://doi.org/10.1016/j.energy.2022.123678},
 url = {https://www.sciencedirect.com/science/article/pii/S0360544222005813},
 Keywords = {91A65,91A10,91B74},
 zbMATH = {7661004},
 Zbl = {1514.91035}
}

@article{AUSSEL2020299,
title = {A trilevel model for best response in energy demand-side management},
journal = {European Journal of Operational Research},
volume = {281},
number = {2},
pages = {299-315},
year = {2020},
issn = {0377-2217},
doi = {https://doi.org/10.1016/j.ejor.2019.03.005},
url = {https://www.sciencedirect.com/science/article/pii/S0377221719302279},
author = {Didier Aussel and Luce Brotcorne and Sébastien Lepaul and Léonard {von Niederhäusern}},
keywords = {OR in energy, Demand-side management, Bilevel programming, Trilevel programming,}
}

@article{BLASCHKE2022112878,
title = {Dynamic pricing of electricity: Enabling demand response in domestic households},
journal = {Energy Policy},
volume = {164},
pages = {112878},
year = {2022},
issn = {0301-4215},
doi = {https://doi.org/10.1016/j.enpol.2022.112878},
url = {https://www.sciencedirect.com/science/article/pii/S0301421522001033},
author = {Maximilian J. Blaschke},
keywords = {Energy taxes, Demand response, Dynamic tariff, Smart meter, Smart appliances, Residential, Taxation mechanism, Financial incentives}
}

@article{OCONNELL2014686,
title = {Benefits and challenges of electrical demand response: A critical review},
journal = {Renewable and Sustainable Energy Reviews},
volume = {39},
pages = {686-699},
year = {2014},
issn = {1364-0321},
doi = {https://doi.org/10.1016/j.rser.2014.07.098},
url = {https://www.sciencedirect.com/science/article/pii/S1364032114005504},
author = {Niamh O׳Connell and Pierre Pinson and Henrik Madsen and Mark O׳Malley},
keywords = {Demand response, Real-time pricing, Economic efficiency, Electricity markets, Direct load control, Indirect load control}
}

@article{TUNGOM2024121761,
title = {Hierarchical framework for demand prediction and iterative optimization of EV charging network infrastructure under uncertainty with cost and quality-of-service consideration},
journal = {Expert Systems with Applications},
volume = {237},
pages = {121761},
year = {2024},
issn = {0957-4174},
doi = {https://doi.org/10.1016/j.eswa.2023.121761},
url = {https://www.sciencedirect.com/science/article/pii/S0957417423022637},
author = {Chia E. Tungom and Ben Niu and Hong Wang},
keywords = {Demand prediction, Network optimization, Electric vehicles, Infrastructure allocation, Sustainable transportation}
}

@article{NEBEY20245422,
title = {Recent advancement in demand side energy management system for optimal energy utilization},
journal = {Energy Reports},
volume = {11},
pages = {5422-5435},
year = {2024},
issn = {2352-4847},
doi = {https://doi.org/10.1016/j.egyr.2024.05.028},
url = {https://www.sciencedirect.com/science/article/pii/S2352484724003093},
author = {Abraham Hizkiel Nebey},
keywords = {Demand side management, Energy management, Demand response, Smart grid, And optimization techniques}
}


@article{SEYEDNOURI2024100531,
title = {Stochastic energy management of a multi-microgrid system with battery/ supercapacitor energy storages considering demand response and transactive energy},
journal = {Renewable Energy Focus},
volume = {48},
pages = {100531},
year = {2024},
issn = {1755-0084},
doi = {https://doi.org/10.1016/j.ref.2023.100531},
url = {https://www.sciencedirect.com/science/article/pii/S1755008423001278},
author = {S.R. Seyednouri and A. Safari and A. Quteishat and M.A. Younis and J. Salehi and S. Najafi and N. Taghizadegan},
keywords = {Stochastic energy management, Multi-microgrid system, Battery/supercapacitor, Two level optimization, MILP}
}

@article{borges2019,
  author = {Borges, Yulle G. F. and Schouery, Rafael C. S. and Miyazawa, Flávio K. and Granelli, Fabrizio and Fonseca, Nelson L. S. da and Melo, Lucas P.},
  title = {Smart energy pricing for demand-side management in renewable energy smart grids},
  journal = {International Transactions in Operational Research},
  volume = {27},
  number = {6},
  pages = {2760-2784},
  year = {2019},
  doi = {https://doi.org/10.1111/itor.12747}
}

@article{CAPONE2021120472,
title = {Multi-objective optimization of district energy systems with demand response},
journal = {Energy},
volume = {227},
pages = {120472},
year = {2021},
issn = {0360-5442},
doi = {https://doi.org/10.1016/j.energy.2021.120472},
url = {https://www.sciencedirect.com/science/article/pii/S0360544221007210},
author = {Martina Capone and Elisa Guelpa and Vittorio Verda},
keywords = {Vector optimization, Energy hub, District heating, Thermal network, Production optimization, Demand-side management}
}

@article{EID201615,
title = {Time-based pricing and electricity demand response: Existing barriers and next steps},
journal = {Utilities Policy},
volume = {40},
pages = {15-25},
year = {2016},
issn = {0957-1787},
doi = {https://doi.org/10.1016/j.jup.2016.04.001},
url = {https://www.sciencedirect.com/science/article/pii/S0957178716300947},
author = {Cherrelle Eid and Elta Koliou and Mercedes Valles and Javier Reneses and Rudi Hakvoort},
keywords = {Smart grid, Demand side management, Tariffs}
}

@article{HOFMANN2024100126,
title = {Residential demand response and dynamic electricity contracts with hourly prices: A study of Norwegian households during the 2021/22 energy crisis},
journal = {Smart Energy},
volume = {13},
pages = {100126},
year = {2024},
issn = {2666-9552},
doi = {https://doi.org/10.1016/j.segy.2023.100126},
url = {https://www.sciencedirect.com/science/article/pii/S2666955223000357},
author = {Matthias Hofmann and Karen Byskov Lindberg},
keywords = {Dynamic pricing, Real-time pricing, Implicit demand flexibility, Demand response, Electricity demand}
}

@article{alekseeva2019,
  author = {Alekseeva, Ekaterina and Brotcorne, Luce and Lepaul, Sébastien and Montmeat, Alain},
  title = {A Bilevel Approach to Optimize Electricity Prices},
  journal = {Yugoslav Journal of Operations Research},
  volume = {29},
  pages = {255-274},
  year = {2019},
  doi = {https://doi.org/10.2298/YJOR171115002A},
  issn = {1}
}

@article{WANG20161205,
title = {Bi-objective optimization of a single machine batch scheduling problem with energy cost consideration},
journal = {Journal of Cleaner Production},
volume = {137},
pages = {1205-1215},
year = {2016},
issn = {0959-6526},
doi = {https://doi.org/10.1016/j.jclepro.2016.07.206},
url = {https://www.sciencedirect.com/science/article/pii/S0959652616311118},
author = {Shijin Wang and Ming Liu and Feng Chu and Chengbin Chu},
keywords = {Batch scheduling, Bi-objective optimization, Energy consumption cost, Makespan, Single machine}
}

@article{cheng2016,
  author = {Cheng, Junheng and Chu, Feng and Chu, Chengbin and Xia, Weili},
  title = {Bi-Objective Optimization of Single-Machine Batch Scheduling under Time-of-Use Electricity Prices},
  journal = {RAIRO-Operations Research},
  volume = {50},
  pages = {715-732},
  year = {2016},
  doi = {10.1051/ro/2015063}
}

@article{tsui2012,
  author = {Tsui, K. M. and Chan, S. C.},
  title = {Demand Response Optimization for Smart Home Scheduling Under Real-Time Pricing},
  journal = {IEEE Transactions on Smart Grid},
  volume = {3},
  number = {4},
  pages = {1812-1821},
  month = dec,
  year = {2012},
  doi = {10.1109/TSG.2012.2218835},
  keywords = {Home appliances; Optimization; Electricity; Schedules; Energy management; Smart homes; Energy consumption; Convex programming; demand response; energy consumption scheduling; energy management; L1 regularization; smart home}
}

@article{abdou2018,
  author = {Abdou, Idriss and Tkiouat, Mohamed},
  title = {Unit Commitment Problem in Electrical Power System: A Literature Review},
  journal = {International Journal of Electrical and Computer Engineering (IJECE)},
  volume = {8},
  number = {3},
  pages = {1357--1372},
  month = jun,
  year = {2018},
  issn = {2088-8708},
  doi = {10.11591/ijece.v8i3.pp1357-1372}
}

@article{SANKARAKUMAR2024112667,
title = {Hybrid technique for optimizing charging-discharging behaviour of EVs and demand response for cost-effective PV microgrid system},
journal = {Journal of Energy Storage},
volume = {96},
pages = {112667},
year = {2024},
issn = {2352-152X},
doi = {https://doi.org/10.1016/j.est.2024.112667},
url = {https://www.sciencedirect.com/science/article/pii/S2352152X24022539},
author = {S. {Sankara Kumar} and M. {Willjuice Iruthayarajan} and R. Saravanan},
keywords = {Photovoltaic, Microgrid, Transferable load, Economic system, Energy storage system, Electric vehicle}
}









