@article{elci2018,
  author = {Elçi, Özgün and Noyan, Nilay and Bülbül, Kerem},
  title = {Chance-Constrained Stochastic Programming Under Variable Reliability Levels with an Application to Humanitarian Relief Network Design},
  journal = {Computers and Operations Research},
  volume = {96},
  pages = {91-107},
  year = {2018},
  doi = {10.1016/j.cor.2018.03.011}
}

@inproceedings{hojjat2024,
  author = {Hojjat, Mehrdad and Ghasemi, Abolfazl},
  title = {A Chance-Constrained Programming (CCP) Approach to Solve the Energy Management Problem in Microgrids Considering Uncertainties of Renewable Energy Resources},
  booktitle = {International Conference on Electrical, Computer and Energy Technologies (ICECET 2024)},
  year = {2024},
  doi = {10.1109/ICECET61485.2024.10698265}
}

@article{li2023,
  author = {Li, Bowen and Mathieu, Johanna L.},
  title = {Analytical Reformulation of Chance-Constrained Optimal Power Flow with Uncertain Load Control},
  journal = {IEEE Xplore},
  year = {2023},
  doi = {10.1109/ICECET61485.2024.10698265}
}

@article{xie2017deterministic,
  title={On deterministic reformulations of distributionally robust joint chance constrained optimization problems},
  author={Xie, Weijun and Ahmed, Shabbir},
  journal={Optimization Online},
  year={2017},
  url={https://optimization-online.org/wp-content/uploads/2016/09/5639.pdf}
}

@article{kucukyavuza2022chance,
  title={Chance-constrained optimization under limited distributional information: A review of reformulations based on sampling and distributional robustness},
  author={Küçükyavuza, Simge and Jiang, Ruiwei},
  journal={EURO Journal on Computational Optimization},
  volume={10},
  year={2022},
  pages={100030},
  doi={10.1016/j.ejco.2022.100030}
}

